<record><leader>00000cas a22000007a 4500</leader><controlfield tag="001">14988975</controlfield><controlfield tag="008">861218d198219uuwiuwr ne      0    0eng d</controlfield><datafield ind1=" " ind2=" " tag="010"><subfield code="a">sn 86086851 </subfield></datafield><datafield ind1=" " ind2=" " tag="040"><subfield code="a">NPV</subfield><subfield code="b">eng</subfield><subfield code="c">NPV</subfield><subfield code="d">OCLCQ</subfield></datafield><datafield ind1=" " ind2=" " tag="042"><subfield code="a">msc</subfield></datafield><datafield ind1="0" ind2="0" tag="245"><subfield code="a">Foto news.</subfield></datafield><datafield ind1="1" ind2="7" tag="246"><subfield code="a">Merrill shopper &amp; foto news</subfield></datafield><datafield ind1=" " ind2=" " tag="260"><subfield code="a">Merrill, Wis. :</subfield><subfield code="b">Foto News Pub.,</subfield><subfield code="c">1982-</subfield></datafield><datafield ind1=" " ind2=" " tag="300"><subfield code="a">v.</subfield></datafield><datafield ind1=" " ind2=" " tag="310"><subfield code="a">Weekly</subfield></datafield><datafield ind1="0" ind2=" " tag="362"><subfield code="a">Vol. 28, no. 34 (Dec. 21, 1982)-</subfield></datafield><datafield ind1=" " ind2=" " tag="752"><subfield code="a">United States</subfield><subfield code="b">Wisconsin</subfield><subfield code="c">Lincoln</subfield><subfield code="d">Merrill.</subfield></datafield><datafield ind1="0" ind2="0" tag="780"><subfield code="t">Merrill shopper &amp; foto news</subfield><subfield code="w">(DLC)sn 79006749</subfield></datafield></record>